@online{confomaton,
  title = {Confomaton},
  howpublished = {Contribution to the {ISWC2011} {Linked-data-thon}},
  author = {Houda Khrouf and Ghislain Atemezing and Guiseppe Rizzo and Thomas Steiner and RaphaÃ«l Troncy},
  note = {Available at \url{ http://semantics.eurecom.fr/confomaton/}}
 }